<record><leader>00000cas a22000007a 4500</leader><controlfield tag="001">19024590</controlfield><controlfield tag="008">890116c19599999mouwr ne      0    0eng d</controlfield><datafield ind1=" " ind2=" " tag="010"><subfield code="a">sn 89066192 </subfield></datafield><datafield ind1=" " ind2=" " tag="040"><subfield code="a">MQN</subfield><subfield code="b">eng</subfield><subfield code="c">MQN</subfield><subfield code="d">OCLCQ</subfield></datafield><datafield ind1="0" ind2="4" tag="245"><subfield code="a">The Miller County autogram-sentinel.</subfield></datafield><datafield ind1=" " ind2=" " tag="260"><subfield code="a">Tuscumbia, Mo. :</subfield><subfield code="b">Eldon Print. Co.,</subfield><subfield code="c">1959-</subfield></datafield><datafield ind1=" " ind2=" " tag="300"><subfield code="a">v.</subfield></datafield><datafield ind1=" " ind2=" " tag="310"><subfield code="a">Weekly</subfield></datafield><datafield ind1="0" ind2=" " tag="362"><subfield code="a">Vol. 77, no. 10 (Apr. 2, 1959)-</subfield></datafield><datafield ind1=" " ind2=" " tag="515"><subfield code="a">Continues numbering of Miller County autogram.</subfield></datafield><datafield ind1=" " ind2=" " tag="752"><subfield code="a">United States</subfield><subfield code="b">Missouri</subfield><subfield code="c">Miller</subfield><subfield code="d">Tuscumbia.</subfield></datafield><datafield ind1="0" ind2="4" tag="780"><subfield code="t">Miller County sentinel</subfield><subfield code="w">(DLC)sn 89066193</subfield></datafield><datafield ind1="0" ind2="4" tag="780"><subfield code="t">Miller County autogram</subfield><subfield code="w">(DLC)sn 89066191</subfield></datafield></record>